%% This BibTeX bibliography file was created using BibDesk.
%% http://bibdesk.sourceforge.net/


%% Created for Rasmus Tibell at 2013-12-12 20:27:41 +0100 


%% Saved with string encoding Unicode (UTF-8) 



@url{sthlm:13,
	Author = {Stockholms municipal},
	Date-Added = {2013-12-12 19:25:34 +0000},
	Date-Modified = {2013-12-12 19:27:39 +0000},
	Keywords = {open data, features Stockholm},
	Month = {12},
	Title = {Open Data Stockholm},
	Urldate = {http://api.stockholm.se/},
	Year = {2013}}

@url{Valm:13,
	Author = {Valmyndigheten},
	Date-Added = {2013-12-11 16:58:42 +0000},
	Date-Modified = {2013-12-11 17:01:18 +0000},
	Keywords = {Election data 2010},
	Lastchecked = {2013-12-11},
	Month = {12},
	Title = {{\"O}vergripande statistik om valet 2010},
	Url = {http://www.val.se/val/val2010/statistik/index.html#slutligt},
	Urldate = {http://www.val.se/val/val2010/statistik/index.html#slutligt},
	Year = {2013},
	Bdsk-Url-1 = {http://www.val.se/val/val2010/statistik/index.html#slutligt}}

@url{SEB:13,
	Author = {SEB},
	Date-Added = {2013-12-11 16:47:37 +0000},
	Date-Modified = {2013-12-11 16:49:04 +0000},
	Keywords = {Intersest rates},
	Lastchecked = {2013-12-11},
	Month = {12},
	Title = {R{\"a}ntehistorik - villa},
	Url = {http://www.seb.se/pow/apps/HistoriskaBorantor/villaframe.aspx},
	Urldate = {http://www.seb.se/pow/apps/HistoriskaBorantor/villaframe.aspx},
	Year = {2013},
	Bdsk-Url-1 = {http://www.seb.se/pow/apps/HistoriskaBorantor/villaframe.aspx}}

@url{Sweb:13,
	Author = {Swebank},
	Date-Added = {2013-12-11 16:43:21 +0000},
	Date-Modified = {2013-12-11 16:49:10 +0000},
	Keywords = {Interest rates},
	Lastchecked = {2013-12-11},
	Month = {12},
	Title = {Historik bostadsr{\"a}ntor 2008-2013},
	Url = {http://hypotek.swedbank.se/rantor/historiska-rantor/historik-bostadsrantor-2008-2012/index.htm},
	Urldate = {http://hypotek.swedbank.se/rantor/historiska-rantor/historik-bostadsrantor-2008-2012/index.htm},
	Year = {2013},
	Bdsk-Url-1 = {http://hypotek.swedbank.se/rantor/historiska-rantor/historik-bostadsrantor-2008-2012/index.htm}}

@url{SCB2:13,
	Author = {SCB},
	Date-Added = {2013-12-11 15:50:32 +0000},
	Date-Modified = {2013-12-11 16:21:18 +0000},
	Keywords = {Inflation SCB KPI},
	Lastchecked = {2013-12-11},
	Month = {12},
	Title = {KPI, 12-m{\aa}nadersf{\"o}r{\"a}ndring (Inflationstakten)},
	Url = {http://www.scb.se/sv_/Hitta-statistik/Statistik-efter-amne/Priser-och-konsumtion/Konsumentprisindex/Konsumentprisindex-KPI/33772/33779/Konsumentprisindex-KPI/KPI-12-manadersforandring-Inflationstakten/},
	Urldate = {http://www.scb.se/sv_/Hitta-statistik/Statistik-efter-amne/Priser-och-konsumtion/Konsumentprisindex/Konsumentprisindex-KPI/33772/33779/Konsumentprisindex-KPI/KPI-12-manadersforandring-Inflationstakten/},
	Year = {2013},
	Bdsk-Url-1 = {http://www.scb.se/sv_/Hitta-statistik/Statistik-efter-amne/Priser-och-konsumtion/Konsumentprisindex/Konsumentprisindex-KPI/33772/33779/Konsumentprisindex-KPI/KPI-12-manadersforandring-Inflationstakten/}}

@url{SCB1:13,
	Author = {SCB},
	Date-Added = {2013-12-11 15:48:18 +0000},
	Date-Modified = {2013-12-11 16:22:31 +0000},
	Keywords = {Inflation SCB KPIF},
	Lastchecked = {2013-12-11},
	Month = {12},
	Title = {KPIF, 12-m{\aa}nadersf{\"o}r{\"a}ndring},
	Url = {http://www.scb.se/sv_/Hitta-statistik/Statistik-efter-amne/Priser-och-konsumtion/Konsumentprisindex/Konsumentprisindex-KPI/33772/33779/Underliggande-inflation-KPIX-och-KPIF/KPIF-12-manadersforandring/},
	Urldate = {http://www.scb.se/sv_/Hitta-statistik/Statistik-efter-amne/Priser-och-konsumtion/Konsumentprisindex/Konsumentprisindex-KPI/33772/33779/Underliggande-inflation-KPIX-och-KPIF/KPIF-12-manadersforandring/},
	Year = {2013},
	Bdsk-Url-1 = {http://www.scb.se/sv_/Hitta-statistik/Statistik-efter-amne/Priser-och-konsumtion/Konsumentprisindex/Konsumentprisindex-KPI/33772/33779/Underliggande-inflation-KPIX-och-KPIF/KPIF-12-manadersforandring/}}

@url{smos:13,
	Date-Added = {2013-12-11 14:42:29 +0000},
	Date-Modified = {2013-12-11 14:46:43 +0000},
	Keywords = {Stringent Street Information},
	Title = {Openstreetgs - Street informaton from Stockholm municipal},
	Urldate = {http://openstreetws.stockholm.se/LvWS-2.2/Lv.asmx/GetAddresses}}

@url{Slut:13,
	Author = {Slutpris},
	Date-Added = {2013-09-08 21:11:28 +0000},
	Date-Modified = {2013-12-11 16:21:14 +0000},
	Keywords = {final salling price},
	Lastchecked = {2013-05-08},
	Month = {05},
	Title = {Slutpris.se},
	Url = {http://slutpris.se/main_application/get_search_result/},
	Urldate = {http://slutpris.se/main_application/get_search_result/},
	Year = {2013},
	Bdsk-Url-1 = {http://slutpris.se/main_application/get_search_result/}}

@url{Sven:13,
	Author = {Svenskagator},
	Date-Added = {2013-09-08 19:05:38 +0000},
	Date-Modified = {2013-12-11 16:22:32 +0000},
	Keywords = {Streets Stockholm},
	Lastchecked = {2013-09-08},
	Month = {09},
	Title = {Lista {\"o}ver alla gator i Stockholm - SvenskaGator.se},
	Url = {http://www.svenskagator.se/Stockholm/},
	Urldate = {http://www.svenskagator.se/Stockholm/},
	Year = {2013},
	Bdsk-Url-1 = {http://www.svenskagator.se/Stockholm/}}
