%% This BibTeX bibliography file was created using BibDesk.
%% http://bibdesk.sourceforge.net/


%% Created for Rasmus Tibell at 2014-10-07 22:33:55 +0200 


%% Saved with string encoding Unicode (UTF-8) 



@article{CaplChopLeahLecuTham:08,
	Author = {Andrew Caplin and Sumit Chopra and John Leahy and Yann Lecun and Trivikrmaman Thampy},
	Date-Added = {2014-07-23 20:42:17 +0000},
	Date-Modified = {2014-07-23 20:42:43 +0000},
	Title = {Machine Learning and the Spatial Structure of House Prices and Housing Returns},
	Year = {2008}}

@article{HintSrivKrizSutsSala:12,
	Author = {Geoffrey E. Hinton and Nitish Srivastava and Alex Krizhevsky and Ilya Sutskever and Ruslan Salakhutdinov},
	Date-Added = {2014-07-23 12:17:01 +0000},
	Date-Modified = {2014-07-23 12:18:59 +0000},
	Journal = {CoRR},
	Title = {Improving neural networks by preventing co-adaptation of feature detectors},
	Url = {http://arxiv.org/abs/1207.0580},
	Volume = {abs/1207.0580},
	Year = {2012},
	Bdsk-Url-1 = {http://arxiv.org/abs/1207.0580}}

@article{ChopThamLeahCaplLeCu:07,
	Author = {Sumit. Chopra. and Trivikraman. Thampy. and John. Leahy. and Andrew. Caplin. and Yann. LeCun.},
	Date-Added = {2014-07-23 09:05:52 +0000},
	Date-Modified = {2014-07-23 09:09:59 +0000},
	Journal = {Proceedings of the 13th ACM SIGKDD International Conference on Knowledge Discovery and Data Mining},
	Month = {August},
	Title = {Discovering the hidden structure of house prices with a non-parametric latent manifold model.},
	Volume = {01/2007},
	Year = {2007}}

@article{GlorBeng:10,
	Author = {X. Glorot and Y. Bengio},
	Date-Added = {2014-07-22 13:42:58 +0000},
	Date-Modified = {2014-07-22 14:07:00 +0000},
	Journal = {Journal of Machine Learning Research},
	Pages = {249-256},
	Title = {Understanding the difficulty of training deep feedforward neural networks},
	Volume = {Proceedings Track 01},
	Year = {2010}}

@url{SCB:13,
	Annote = {Totalt stockholm 881235, inflyttade 16911},
	Author = {SCB},
	Date-Added = {2013-08-21 13:28:28 +0000},
	Date-Modified = {2013-08-21 13:30:37 +0000},
	Lastchecked = {2013-08-21},
	Title = {Folkm{\"a}ngd i riket, l{\"a}n och kommuner 31 december 2012 och befolkningsf{\"o}r{\"a}ndringar 2012},
	Url = {http://www.scb.se/Pages/TableAndChart____350652.aspx},
	Urldate = {2013-08-21},
	Bdsk-Url-1 = {http://www.scb.se/Pages/TableAndChart____350652.aspx}}

@url{ArulMora:13,
	Abstract = {http://cs229.stanford.edu/proj2011/ArulMorales-NYCCondoPriceEstimationUsingNYCOpenData.pdf},
	Annote = {http://cs229.stanford.edu/proj2011/ArulMorales-NYCCondoPriceEstimationUsingNYCOpenData.pdf},
	Author = {Hari. Arul and Andres. Morales},
	Date-Added = {2013-08-20 07:48:27 +0000},
	Date-Modified = {2013-08-20 08:51:46 +0000},
	Lastchecked = {2013-08-20},
	Read = {1},
	Title = {NYC Condo Price Estimation Using NYC Open Data},
	Url = {http://cs229.stanford.edu/proj2011/ArulMorales-NYCCondoPriceEstimationUsingNYCOpenData.pdf},
	Urldate = {2013},
	Bdsk-Url-1 = {http://cs229.stanford.edu/proj2011/ArulMorales-NYCCondoPriceEstimationUsingNYCOpenData.pdf}}

@url{Kumm:13,
	Author = {Max Kummerow},
	Date-Added = {2013-08-20 07:44:45 +0000},
	Date-Modified = {2013-08-20 07:46:20 +0000},
	Lastchecked = {2013-08-20},
	Title = {Theory for Real Estate Valuation: An Alternative Way to Teach Real Estate Price Estimation Methods},
	Url = {http://citeseerx.ist.psu.edu/viewdoc/download?doi=10.1.1.123.12&rep=rep1&type=pdf},
	Urldate = {2013},
	Bdsk-Url-1 = {http://citeseerx.ist.psu.edu/viewdoc/download?doi=10.1.1.123.12&rep=rep1&type=pdf}}

@book{Papa:08,
	Address = {ISBN: 978-953-7619-03-9},
	Author = {Harris. Papadopoulos},
	Booktitle = {Tools in Artificial Intelligence},
	Date-Added = {2013-08-20 07:33:03 +0000},
	Date-Modified = {2013-08-20 07:36:43 +0000},
	Editor = {Paula. Fritzsche},
	Publisher = {Intech},
	Title = {Inductive Conformal Prediction: Theory and Application to Neural Networks},
	Year = {2008}}

@inproceedings{WilsJoneJenkWare:04,
	Author = {I. D. Wilson and Antonia. J. Jones and D. H. Jenkins and J. A. Ware},
	Booktitle = {Advances in Econometrics},
	Date-Added = {2013-08-20 07:27:00 +0000},
	Date-Modified = {2013-08-20 07:32:38 +0000},
	Pages = {243-275},
	Title = {Predicting housing value: Attribute selection and dependence modelling utilising the gamma test},
	Year = {2004},
	Bdsk-File-1 = {YnBsaXN0MDDUAQIDBAUGJCVYJHZlcnNpb25YJG9iamVjdHNZJGFyY2hpdmVyVCR0b3ASAAGGoKgHCBMUFRYaIVUkbnVsbNMJCgsMDxJXTlMua2V5c1pOUy5vYmplY3RzViRjbGFzc6INDoACgAOiEBGABIAFgAdccmVsYXRpdmVQYXRoWWFsaWFzRGF0YV8QSi4uLy4uL0FydGlrbGFyL1JlZmVyZW5zZWQvV2lsc0pvbmVKZW5rV2FyZS0wNF9QcmVkaWN0aW5nIEhvdXNpbmcgVmFsdWUucGRm0hcLGBlXTlMuZGF0YU8RAkIAAAAAAkIAAgAADE1hY2ludG9zaCBIRAAAAAAAAAAAAAAAAAAAAMwxLxJIKwAAAlhnoB9XaWxzSm9uZUplbmtXYXJlLTA0IzM0NThGRTcucGRmAAAAAAAAAAAAAAAAAAAAAAAAAAAAAAAAAAAAAAAAAAADRY/nzWS8FgAAAAAAAAAAAAIAAwAACSAAAAAAAAAAAAAAAAAAAAAKUmVmZXJlbnNlZAAQAAgAAMwxEvIAAAARAAgAAM1krgYAAAABABwCWGegAcOKSgDVBcIA1QWKAAZRmAAFwZ8AAg35AAIAZk1hY2ludG9zaCBIRDpVc2VyczoAcmFzc2U6AERyb3Bib3g6AEtUSDoAWC1Kb2JiOgBBcnRpa2xhcjoAUmVmZXJlbnNlZDoAV2lsc0pvbmVKZW5rV2FyZS0wNCMzNDU4RkU3LnBkZgAOAGIAMABXAGkAbABzAEoAbwBuAGUASgBlAG4AawBXAGEAcgBlAC0AMAA0AF8AUAByAGUAZABpAGMAdABpAG4AZwAgAEgAbwB1AHMAaQBuAGcAIABWAGEAbAB1AGUALgBwAGQAZgAPABoADABNAGEAYwBpAG4AdABvAHMAaAAgAEgARAASAGNVc2Vycy9yYXNzZS9Ecm9wYm94L0tUSC9YLUpvYmIvQXJ0aWtsYXIvUmVmZXJlbnNlZC9XaWxzSm9uZUplbmtXYXJlLTA0X1ByZWRpY3RpbmcgSG91c2luZyBWYWx1ZS5wZGYAABMAAS8AABUAAgAM//8AAIAG0hscHR5aJGNsYXNzbmFtZVgkY2xhc3Nlc11OU011dGFibGVEYXRhox0fIFZOU0RhdGFYTlNPYmplY3TSGxwiI1xOU0RpY3Rpb25hcnmiIiBfEA9OU0tleWVkQXJjaGl2ZXLRJidUcm9vdIABAAgAEQAaACMALQAyADcAQABGAE0AVQBgAGcAagBsAG4AcQBzAHUAdwCEAI4A2wDgAOgDLgMwAzUDQANJA1cDWwNiA2sDcAN9A4ADkgOVA5oAAAAAAAACAQAAAAAAAAAoAAAAAAAAAAAAAAAAAAADnA==}}

@article{PapaVovkGamm:07,
	Author = {Harris. Papadopoulos and Volodya. Vovk and Alex. Gammerman},
	Date-Added = {2013-08-19 08:24:25 +0000},
	Date-Modified = {2013-08-19 08:26:50 +0000},
	Journal = {19th IEEE International Conference on Tools with Artificial Intelligence},
	Keywords = {ICP, Conformal Prediction, Neural Networks},
	Month = {Oct},
	Pages = {388-395},
	Title = {Conformal Prediction with Neural Networks},
	Volume = {2},
	Year = {2007},
	Bdsk-File-1 = {YnBsaXN0MDDUAQIDBAUGJCVYJHZlcnNpb25YJG9iamVjdHNZJGFyY2hpdmVyVCR0b3ASAAGGoKgHCBMUFRYaIVUkbnVsbNMJCgsMDxJXTlMua2V5c1pOUy5vYmplY3RzViRjbGFzc6INDoACgAOiEBGABIAFgAdccmVsYXRpdmVQYXRoWWFsaWFzRGF0YV8QVy4uLy4uL0FydGlrbGFyL1JlZmVyZW5zZWQvUGFwYVZvdmtHYW1tLTA3X0NvbmZvcm1hbCBQcmVkaWN0aW9uIHdpdGggTmV1cmFsIE5ldHdvcmtzLnBkZtIXCxgZV05TLmRhdGFPEQJoAAAAAAJoAAIAAAxNYWNpbnRvc2ggSEQAAAAAAAAAAAAAAAAAAADMMS8SSCsAAAJYZ6AfUGFwYVZvdmtHYW1tLTA3X0NvbiMyQTYyOUU3LnBkZgAAAAAAAAAAAAAAAAAAAAAAAAAAAAAAAAAAAAAAAAAAAqYp584BxTwAAAAAAAAAAAACAAMAAAkgAAAAAAAAAAAAAAAAAAAAClJlZmVyZW5zZWQAEAAIAADMMRLyAAAAEQAIAADOAakcAAAAAQAcAlhnoAHDikoA1QXCANUFigAGUZgABcGfAAIN+QACAGZNYWNpbnRvc2ggSEQ6VXNlcnM6AHJhc3NlOgBEcm9wYm94OgBLVEg6AFgtSm9iYjoAQXJ0aWtsYXI6AFJlZmVyZW5zZWQ6AFBhcGFWb3ZrR2FtbS0wN19Db24jMkE2MjlFNy5wZGYADgB8AD0AUABhAHAAYQBWAG8AdgBrAEcAYQBtAG0ALQAwADcAXwBDAG8AbgBmAG8AcgBtAGEAbAAgAFAAcgBlAGQAaQBjAHQAaQBvAG4AIAB3AGkAdABoACAATgBlAHUAcgBhAGwAIABOAGUAdAB3AG8AcgBrAHMALgBwAGQAZgAPABoADABNAGEAYwBpAG4AdABvAHMAaAAgAEgARAASAHBVc2Vycy9yYXNzZS9Ecm9wYm94L0tUSC9YLUpvYmIvQXJ0aWtsYXIvUmVmZXJlbnNlZC9QYXBhVm92a0dhbW0tMDdfQ29uZm9ybWFsIFByZWRpY3Rpb24gd2l0aCBOZXVyYWwgTmV0d29ya3MucGRmABMAAS8AABUAAgAM//8AAIAG0hscHR5aJGNsYXNzbmFtZVgkY2xhc3Nlc11OU011dGFibGVEYXRhox0fIFZOU0RhdGFYTlNPYmplY3TSGxwiI1xOU0RpY3Rpb25hcnmiIiBfEA9OU0tleWVkQXJjaGl2ZXLRJidUcm9vdIABAAgAEQAaACMALQAyADcAQABGAE0AVQBgAGcAagBsAG4AcQBzAHUAdwCEAI4A6ADtAPUDYQNjA2gDcwN8A4oDjgOVA54DowOwA7MDxQPIA80AAAAAAAACAQAAAAAAAAAoAAAAAAAAAAAAAAAAAAADzw==}}

@article{CeccWilh:11,
	Author = {V{\^a}nia. Ceccato and Mats Wilhelmsson},
	Date-Added = {2013-08-19 08:12:26 +0000},
	Date-Modified = {2013-08-19 08:19:23 +0000},
	Journal = {Geografiska Annaler: Series B, Human Geography},
	Keywords = {Crime, Apartment price},
	Month = {March},
	Number = {1},
	Pages = {81-103},
	Read = {1},
	Title = {The Impact of Crime on Apartment Prices: Evidence from Stockholm, Sweden},
	Volume = {93},
	Year = {2011},
	Bdsk-File-1 = {YnBsaXN0MDDUAQIDBAUGJCVYJHZlcnNpb25YJG9iamVjdHNZJGFyY2hpdmVyVCR0b3ASAAGGoKgHCBMUFRYaIVUkbnVsbNMJCgsMDxJXTlMua2V5c1pOUy5vYmplY3RzViRjbGFzc6INDoACgAOiEBGABIAFgAdccmVsYXRpdmVQYXRoWWFsaWFzRGF0YV8Qbi4uLy4uL0FydGlrbGFyL1JlZmVyZW5zZWQvRG9uZS9DZWNjV2lsaC0xMV9UaGUgaW1wYWN0IG9mIGNyaW1lIG9uIGFwYXJ0bWVudCBwcmljZXMgRXZpZGVuY2UgZnJvbSBTdG9ja2hvbG0ucGRm0hcLGBlXTlMuZGF0YU8RAqgAAAAAAqgAAgAADE1hY2ludG9zaCBIRAAAAAAAAAAAAAAAAAAAAMwxLxJIKwAABGyNOx9DZWNjV2lsaC0xMV9UaGUgaW1wIzE2QzBGNDYucGRmAAAAAAAAAAAAAAAAAAAAAAAAAAAAAAAAAAAAAAAAAAABbA9GzcU8zQAAAAAAAAAAAAIABAAACSAAAAAAAAAAAAAAAAAAAAAERG9uZQAQAAgAAMwxEvIAAAARAAgAAM3FIK0AAAABACAEbI07AlhnoAHDikoA1QXCANUFigAGUZgABcGfAAIN+QACAGxNYWNpbnRvc2ggSEQ6VXNlcnM6AHJhc3NlOgBEcm9wYm94OgBLVEg6AFgtSm9iYjoAQXJ0aWtsYXI6AFJlZmVyZW5zZWQ6AERvbmU6AENlY2NXaWxoLTExX1RoZSBpbXAjMTZDMEY0Ni5wZGYADgCgAE8AQwBlAGMAYwBXAGkAbABoAC0AMQAxAF8AVABoAGUAIABpAG0AcABhAGMAdAAgAG8AZgAgAGMAcgBpAG0AZQAgAG8AbgAgAGEAcABhAHIAdABtAGUAbgB0ACAAcAByAGkAYwBlAHMAIABFAHYAaQBkAGUAbgBjAGUAIABmAHIAbwBtACAAUwB0AG8AYwBrAGgAbwBsAG0ALgBwAGQAZgAPABoADABNAGEAYwBpAG4AdABvAHMAaAAgAEgARAASAIdVc2Vycy9yYXNzZS9Ecm9wYm94L0tUSC9YLUpvYmIvQXJ0aWtsYXIvUmVmZXJlbnNlZC9Eb25lL0NlY2NXaWxoLTExX1RoZSBpbXBhY3Qgb2YgY3JpbWUgb24gYXBhcnRtZW50IHByaWNlcyBFdmlkZW5jZSBmcm9tIFN0b2NraG9sbS5wZGYAABMAAS8AABUAAgAM//8AAIAG0hscHR5aJGNsYXNzbmFtZVgkY2xhc3Nlc11OU011dGFibGVEYXRhox0fIFZOU0RhdGFYTlNPYmplY3TSGxwiI1xOU0RpY3Rpb25hcnmiIiBfEA9OU0tleWVkQXJjaGl2ZXLRJidUcm9vdIABAAgAEQAaACMALQAyADcAQABGAE0AVQBgAGcAagBsAG4AcQBzAHUAdwCEAI4A/wEEAQwDuAO6A78DygPTA+ED5QPsA/UD+gQHBAoEHAQfBCQAAAAAAAACAQAAAAAAAAAoAAAAAAAAAAAAAAAAAAAEJg==}}

@article{MahaBakeNorw:99,
	Author = {Ku. Ruhana. Ku. Mahamud and Azuraliza. Abu. Baker and Norita. Md. Norwawi},
	Date-Added = {2013-08-19 08:08:29 +0000},
	Date-Modified = {2013-08-19 08:11:11 +0000},
	Journal = {Malaysian Management Journal},
	Keywords = {MLP, Modelling},
	Number = {1},
	Pages = {61-69},
	Read = {1},
	Title = {Multi Layer Perceptron Modelling in the Housing Market},
	Volume = {3},
	Year = {1999},
	Bdsk-File-1 = {YnBsaXN0MDDUAQIDBAUGJCVYJHZlcnNpb25YJG9iamVjdHNZJGFyY2hpdmVyVCR0b3ASAAGGoKgHCBMUFRYaIVUkbnVsbNMJCgsMDxJXTlMua2V5c1pOUy5vYmplY3RzViRjbGFzc6INDoACgAOiEBGABIAFgAdccmVsYXRpdmVQYXRoWWFsaWFzRGF0YV8QZC4uLy4uL0FydGlrbGFyL1JlZmVyZW5zZWQvTWFoYUJha2VOb3J3LTk5X011bHRpIExheWVyIFBlcmNlcHRyb24gTW9kZWxsaW5nIGluIHRoZSBIb3VzaW5nIE1hcmtldC5wZGbSFwsYGVdOUy5kYXRhTxECkAAAAAACkAACAAAMTWFjaW50b3NoIEhEAAAAAAAAAAAAAAAAAAAAzDEvEkgrAAACWGegH01haGFCYWtlTm9ydy05OV9NdWx0I0ZENTgzOC5wZGYAAAAAAAAAAAAAAAAAAAAAAAAAAAAAAAAAAAAAAAAAAAD9WDjNedWaAAAAAAAAAAAAAgADAAAJIAAAAAAAAAAAAAAAAAAAAApSZWZlcmVuc2VkABAACAAAzDES8gAAABEACAAAzXnHigAAAAEAHAJYZ6ABw4pKANUFwgDVBYoABlGYAAXBnwACDfkAAgBmTWFjaW50b3NoIEhEOlVzZXJzOgByYXNzZToARHJvcGJveDoAS1RIOgBYLUpvYmI6AEFydGlrbGFyOgBSZWZlcmVuc2VkOgBNYWhhQmFrZU5vcnctOTlfTXVsdCNGRDU4MzgucGRmAA4AlgBKAE0AYQBoAGEAQgBhAGsAZQBOAG8AcgB3AC0AOQA5AF8ATQB1AGwAdABpACAATABhAHkAZQByACAAUABlAHIAYwBlAHAAdAByAG8AbgAgAE0AbwBkAGUAbABsAGkAbgBnACAAaQBuACAAdABoAGUAIABIAG8AdQBzAGkAbgBnACAATQBhAHIAawBlAHQALgBwAGQAZgAPABoADABNAGEAYwBpAG4AdABvAHMAaAAgAEgARAASAH1Vc2Vycy9yYXNzZS9Ecm9wYm94L0tUSC9YLUpvYmIvQXJ0aWtsYXIvUmVmZXJlbnNlZC9NYWhhQmFrZU5vcnctOTlfTXVsdGkgTGF5ZXIgUGVyY2VwdHJvbiBNb2RlbGxpbmcgaW4gdGhlIEhvdXNpbmcgTWFya2V0LnBkZgAAEwABLwAAFQACAAz//wAAgAbSGxwdHlokY2xhc3NuYW1lWCRjbGFzc2VzXU5TTXV0YWJsZURhdGGjHR8gVk5TRGF0YVhOU09iamVjdNIbHCIjXE5TRGljdGlvbmFyeaIiIF8QD05TS2V5ZWRBcmNoaXZlctEmJ1Ryb290gAEACAARABoAIwAtADIANwBAAEYATQBVAGAAZwBqAGwAbgBxAHMAdQB3AIQAjgD1APoBAgOWA5gDnQOoA7EDvwPDA8oD0wPYA+UD6AP6A/0EAgAAAAAAAAIBAAAAAAAAACgAAAAAAAAAAAAAAAAAAAQE}}

@article{PapaVovkGamm:11,
	Author = {Harris. Papadopoulos and Vladimir. Vovk and Alex. Gammerman},
	Date-Added = {2013-08-19 08:05:19 +0000},
	Date-Modified = {2013-08-19 08:07:03 +0000},
	Journal = {Journal of Artificial Intelligence Research},
	Keywords = {ICP, Conformal Prediction},
	Month = {April},
	Pages = {815-840},
	Title = {Regression Conformal Prediction with Nearest Neighbours},
	Volume = {40},
	Year = {2011},
	Bdsk-File-1 = {YnBsaXN0MDDUAQIDBAUGJCVYJHZlcnNpb25YJG9iamVjdHNZJGFyY2hpdmVyVCR0b3ASAAGGoKgHCBMUFRYaIVUkbnVsbNMJCgsMDxJXTlMua2V5c1pOUy5vYmplY3RzViRjbGFzc6INDoACgAOiEBGABIAFgAdccmVsYXRpdmVQYXRoWWFsaWFzRGF0YV8QZS4uLy4uL0FydGlrbGFyL1JlZmVyZW5zZWQvUGFwYVZvdmtHYW1tLTExX1JlZ3Jlc3Npb24gQ29uZm9ybWFsIFByZWRpY3Rpb24gd2l0aCBOZWFyZXN0IE5laWdoYm91cnMucGRm0hcLGBlXTlMuZGF0YU8RApIAAAAAApIAAgAADE1hY2ludG9zaCBIRAAAAAAAAAAAAAAAAAAAAMwxLxJIKwAAAlhnoB9QYXBhVm92a0dhbW0tMTFfUmVnIzE1RkI2OUMucGRmAAAAAAAAAAAAAAAAAAAAAAAAAAAAAAAAAAAAAAAAAAABX7aczb7VrwAAAAAAAAAAAAIAAwAACSAAAAAAAAAAAAAAAAAAAAAKUmVmZXJlbnNlZAAQAAgAAMwxEvIAAAARAAgAAM2+uY8AAAABABwCWGegAcOKSgDVBcIA1QWKAAZRmAAFwZ8AAg35AAIAZk1hY2ludG9zaCBIRDpVc2VyczoAcmFzc2U6AERyb3Bib3g6AEtUSDoAWC1Kb2JiOgBBcnRpa2xhcjoAUmVmZXJlbnNlZDoAUGFwYVZvdmtHYW1tLTExX1JlZyMxNUZCNjlDLnBkZgAOAJgASwBQAGEAcABhAFYAbwB2AGsARwBhAG0AbQAtADEAMQBfAFIAZQBnAHIAZQBzAHMAaQBvAG4AIABDAG8AbgBmAG8AcgBtAGEAbAAgAFAAcgBlAGQAaQBjAHQAaQBvAG4AIAB3AGkAdABoACAATgBlAGEAcgBlAHMAdAAgAE4AZQBpAGcAaABiAG8AdQByAHMALgBwAGQAZgAPABoADABNAGEAYwBpAG4AdABvAHMAaAAgAEgARAASAH5Vc2Vycy9yYXNzZS9Ecm9wYm94L0tUSC9YLUpvYmIvQXJ0aWtsYXIvUmVmZXJlbnNlZC9QYXBhVm92a0dhbW0tMTFfUmVncmVzc2lvbiBDb25mb3JtYWwgUHJlZGljdGlvbiB3aXRoIE5lYXJlc3QgTmVpZ2hib3Vycy5wZGYAEwABLwAAFQACAAz//wAAgAbSGxwdHlokY2xhc3NuYW1lWCRjbGFzc2VzXU5TTXV0YWJsZURhdGGjHR8gVk5TRGF0YVhOU09iamVjdNIbHCIjXE5TRGljdGlvbmFyeaIiIF8QD05TS2V5ZWRBcmNoaXZlctEmJ1Ryb290gAEACAARABoAIwAtADIANwBAAEYATQBVAGAAZwBqAGwAbgBxAHMAdQB3AIQAjgD2APsBAwOZA5sDoAOrA7QDwgPGA80D1gPbA+gD6wP9BAAEBQAAAAAAAAIBAAAAAAAAACgAAAAAAAAAAAAAAAAAAAQH}}

@article{ShafVovk:08,
	Author = {Glenn. Shafer and Vladimir. Vovk},
	Date-Added = {2013-08-19 08:01:39 +0000},
	Date-Modified = {2013-08-19 08:04:35 +0000},
	Journal = {Journal of Machine Learning Research},
	Keywords = {ICP, Conformal Prediction},
	Month = {March},
	Pages = {371-421},
	Read = {1},
	Title = {A Tutorial on Conformal Prediction},
	Volume = {9},
	Year = {2008},
	Bdsk-File-1 = {YnBsaXN0MDDUAQIDBAUGJCVYJHZlcnNpb25YJG9iamVjdHNZJGFyY2hpdmVyVCR0b3ASAAGGoKgHCBMUFRYaIVUkbnVsbNMJCgsMDxJXTlMua2V5c1pOUy5vYmplY3RzViRjbGFzc6INDoACgAOiEBGABIAFgAdccmVsYXRpdmVQYXRoWWFsaWFzRGF0YV8QTC4uLy4uL0FydGlrbGFyL1JlZmVyZW5zZWQvU2hhZlZvdmstMDhfQSBUdXRvcmlhbCBvbiBDb25mb3JtYWwgUHJlZGljdGlvbi5wZGbSFwsYGVdOUy5kYXRhTxECSAAAAAACSAACAAAMTWFjaW50b3NoIEhEAAAAAAAAAAAAAAAAAAAAzDEvEkgrAAACWGegH1NoYWZWb3ZrLTA4X0EgVHV0b3IjMUM1NjUwQi5wZGYAAAAAAAAAAAAAAAAAAAAAAAAAAAAAAAAAAAAAAAAAAAHFZQvN6NNtAAAAAAAAAAAAAgADAAAJIAAAAAAAAAAAAAAAAAAAAApSZWZlcmVuc2VkABAACAAAzDES8gAAABEACAAAzei3TQAAAAEAHAJYZ6ABw4pKANUFwgDVBYoABlGYAAXBnwACDfkAAgBmTWFjaW50b3NoIEhEOlVzZXJzOgByYXNzZToARHJvcGJveDoAS1RIOgBYLUpvYmI6AEFydGlrbGFyOgBSZWZlcmVuc2VkOgBTaGFmVm92ay0wOF9BIFR1dG9yIzFDNTY1MEIucGRmAA4AZgAyAFMAaABhAGYAVgBvAHYAawAtADAAOABfAEEAIABUAHUAdABvAHIAaQBhAGwAIABvAG4AIABDAG8AbgBmAG8AcgBtAGEAbAAgAFAAcgBlAGQAaQBjAHQAaQBvAG4ALgBwAGQAZgAPABoADABNAGEAYwBpAG4AdABvAHMAaAAgAEgARAASAGVVc2Vycy9yYXNzZS9Ecm9wYm94L0tUSC9YLUpvYmIvQXJ0aWtsYXIvUmVmZXJlbnNlZC9TaGFmVm92ay0wOF9BIFR1dG9yaWFsIG9uIENvbmZvcm1hbCBQcmVkaWN0aW9uLnBkZgAAEwABLwAAFQACAAz//wAAgAbSGxwdHlokY2xhc3NuYW1lWCRjbGFzc2VzXU5TTXV0YWJsZURhdGGjHR8gVk5TRGF0YVhOU09iamVjdNIbHCIjXE5TRGljdGlvbmFyeaIiIF8QD05TS2V5ZWRBcmNoaXZlctEmJ1Ryb290gAEACAARABoAIwAtADIANwBAAEYATQBVAGAAZwBqAGwAbgBxAHMAdQB3AIQAjgDdAOIA6gM2AzgDPQNIA1EDXwNjA2oDcwN4A4UDiAOaA50DogAAAAAAAAIBAAAAAAAAACgAAAAAAAAAAAAAAAAAAAOk}}

@book{PapaHara:10,
	Author = {Harris Papadopoulos and Haris Haralambous},
	Date-Added = {2013-08-18 19:50:04 +0000},
	Date-Modified = {2013-08-18 19:50:53 +0000},
	Editor = {Papadopoulos, Harris. Haralambous, Haris.},
	Journal = {Artificial Neural Networks -- ICANN 2010},
	Month = {Sep},
	Number = {1},
	Pages = {32-41},
	Publisher = {Springer-Verlag Berlin, Heidelberg},
	Series = {Lecture Notes in Computer Science},
	Title = {Neural Networks Regression Inductive Conformal Predictior and Its Application to Total Electron Content Prediction},
	Volume = {6352},
	Year = {2010}}
